<record><leader>00000cas a22000007a 4500</leader><controlfield tag="001">8997267</controlfield><controlfield tag="008">821129d18591966pauwr ne      0   a0eng d</controlfield><datafield ind1=" " ind2=" " tag="010"><subfield code="a">sn 97067021 </subfield></datafield><datafield ind1=" " ind2=" " tag="040"><subfield code="a">PRE</subfield><subfield code="b">eng</subfield><subfield code="c">PRE</subfield><subfield code="d">NYG</subfield><subfield code="d">NVK</subfield><subfield code="d">OCL</subfield><subfield code="d">OCLCQ</subfield><subfield code="d">OCLCF</subfield><subfield code="d">OCLCO</subfield></datafield><datafield ind1=" " ind2=" " tag="019"><subfield code="a">1606027</subfield><subfield code="a">38524123</subfield></datafield><datafield ind1="1" ind2=" " tag="029"><subfield code="a">NLGGC</subfield><subfield code="b">11673437X</subfield></datafield><datafield ind1=" " ind2=" " tag="042"><subfield code="a">msc</subfield></datafield><datafield ind1=" " ind2=" " tag="043"><subfield code="a">n-us-pa</subfield></datafield><datafield ind1=" " ind2=" " tag="090"><subfield code="a">BV1500</subfield><subfield code="b">.A4</subfield></datafield><datafield ind1=" " ind2=" " tag="092"><subfield code="a">268.05</subfield><subfield code="b">qS957</subfield></datafield><datafield ind1="0" ind2=" " tag="130"><subfield code="a">Sunday-school times (Philadelphia, Pa. : 1859)</subfield></datafield><datafield ind1="1" ind2="4" tag="245"><subfield code="a">The Sunday-school times.</subfield></datafield><datafield ind1=" " ind2=" " tag="260"><subfield code="a">Philadelphia :</subfield><subfield code="b">American Sunday-School Union</subfield></datafield><datafield ind1=" " ind2=" " tag="300"><subfield code="a">108 v. ;</subfield><subfield code="c">30 cm.</subfield></datafield><datafield ind1=" " ind2=" " tag="310"><subfield code="a">Weekly</subfield></datafield><datafield ind1="1" ind2=" " tag="362"><subfield code="a">Began with: Vol. 1, no. 1 (Jan. 1, 1859); ceased with v. 108, no. 48 (Nov. 1966).</subfield></datafield><datafield ind1=" " ind2=" " tag="500"><subfield code="a">Publisher varies: J.C. Garrigues &amp; Co., &lt;Jan. 2, 1869-&gt;</subfield></datafield><datafield ind1=" " ind2=" " tag="588"><subfield code="a">Description based on: Vol. 1, no. 4 (Jan. 22, 1859).</subfield></datafield><datafield ind1=" " ind2="0" tag="650"><subfield code="a">Sunday schools</subfield><subfield code="v">Newspapers.</subfield></datafield><datafield ind1=" " ind2="0" tag="651"><subfield code="a">Philadelphia (Pa.)</subfield><subfield code="v">Newspapers.</subfield></datafield><datafield ind1=" " ind2="7" tag="655"><subfield code="a">Newspapers.</subfield><subfield code="2">fast</subfield><subfield code="0">(OCoLC)fst01423814</subfield></datafield><datafield ind1=" " ind2="7" tag="650"><subfield code="a">Sunday schools.</subfield><subfield code="2">fast</subfield><subfield code="0">(OCoLC)fst01138643</subfield></datafield><datafield ind1=" " ind2="7" tag="651"><subfield code="a">Pennsylvania</subfield><subfield code="z">Philadelphia.</subfield><subfield code="2">fast</subfield><subfield code="0">(OCoLC)fst01204170</subfield></datafield><datafield ind1="2" ind2=" " tag="710"><subfield code="a">American Sunday-School Union.</subfield></datafield><datafield ind1=" " ind2=" " tag="752"><subfield code="a">United States</subfield><subfield code="b">Pennsylvania</subfield><subfield code="c">Philadelphia</subfield><subfield code="d">Philadelphia.</subfield></datafield><datafield ind1="0" ind2="8" tag="776"><subfield code="i">Online version:</subfield><subfield code="t">Sunday-school times (Philadelphia, Pa. : 1859)</subfield><subfield code="w">(OCoLC)735080984</subfield></datafield><datafield ind1="0" ind2="0" tag="780"><subfield code="t">Sunday-school journal (Philadelphia, Pa. : 1849)</subfield><subfield code="w">(OCoLC)8398934</subfield></datafield><datafield ind1="0" ind2="0" tag="785"><subfield code="t">Sunday times</subfield><subfield code="w">(OCoLC)1777749</subfield></datafield></record>